@Manual{dplyr,
  title = {dplyr: A Grammar of Data Manipulation},
  author = {Hadley Wickham and Romain François and Lionel Henry and Kirill Müller},
  year = {2022},
  note = {https://dplyr.tidyverse.org,
https://github.com/tidyverse/dplyr},
}

@Manual{stringr,
  title = {stringr: Simple, Consistent Wrappers for Common String Operations},
  author = {Hadley Wickham},
  year = {2022},
  note = {http://stringr.tidyverse.org,
https://github.com/tidyverse/stringr},
}

@Article{stringdist,
    title = {The stringdist package for approximate string matching},
    author = {M.P.J. {van der Loo}},
    year = {2014},
    journal = {The {R} {J}ournal},
    volume = {6},
    issue = {1},
    url = {https://CRAN.R-project.org/package=stringdist},
    pages = {111-122},
}

@Manual{rcite,
    title = {R: A Language and Environment for Statistical Computing},
    author = {{R Core Team}},
    organization = {R Foundation for Statistical Computing},
    address = {Vienna, Austria},
    year = {2022},
    url = {https://www.R-project.org/},
}

@phdthesis{williamsextinctionvortex2020,
  author  = "Nathan Williams",
  title   = "Allometric scaling of the extinction vortex",
  school  = "University of Bristol",
  year    = "2020"
}

@Manual{CPIInflationCalculator,
  title = {{{CPI Inflation Calculator}}},
  author = {BLS},
  year = {2022},
  note = {https://www.bls.gov/data/inflation\_calculator.htm},
  urldate = {2022-08-19},
  langid = {english},
  file = {/home/eamonn/Zotero/storage/Q957K5XD/inflation_calculator.html}
}

@article{iucn2016iucn,
  title={IUCN SSC Guiding Principles on Creating Proxies of Extinct Species for Conservation Benefit. Version 1.0},
  author={IUCN, SSC},
  journal={IUCN Species Survival Commission},
  year={2016}
}
